<?xml version="1.0" encoding="UTF-8"?><record xmlns="http://www.loc.gov/MARC21/slim" xmlns:cinclude="http://apache.org/cocoon/include/1.0" xmlns:zs="http://www.loc.gov/zing/srw/">
  <leader>00558cz  a2200133n  4500</leader>
  <controlfield tag="001">n  93109349 </controlfield>
  <controlfield tag="003">DLC</controlfield>
  <controlfield tag="005">19931105180320.7</controlfield>
  <controlfield tag="008">931105n| acannaab|          |a aaa |||  </controlfield>
  <datafield tag="010" ind1=" " ind2=" ">
    <subfield code="a">n  93109349 </subfield>
  </datafield>
  <datafield tag="040" ind1=" " ind2=" ">
    <subfield code="a">DLC</subfield>
    <subfield code="c">DLC</subfield>
    <subfield code="d">DLC</subfield>
  </datafield>
  <datafield tag="100" ind1="1" ind2="0">
    <subfield code="a">Ternovskīĭ, A. A.</subfield>
    <subfield code="t">Bibliografii︠a︡ i ikonografii︠a︡ Tobolʹskogo gubernskogo muzei︠a︡</subfield>
  </datafield>
  <datafield tag="400" ind1="1" ind2="0">
    <subfield code="a">Ternovskīĭ, A. A.</subfield>
    <subfield code="t">Bibliografīi︠a︡ i ikonografīi︠a︡ Tobolʹskago gubernskago muzei︠a︡</subfield>
  </datafield>
  <datafield tag="670" ind1=" " ind2=" ">
    <subfield code="a">His Bibliografīi︠a︡ i ikonografīi︠a︡ Tobolʹskago gubernskago muzei︠a︡, 1894.</subfield>
  </datafield>
</record>